<record><leader>00000cas a22000007a 4500</leader><controlfield tag="001">17659181</controlfield><controlfield tag="008">880322d19701970txuwr ne      0    0eng d</controlfield><datafield ind1=" " ind2=" " tag="010"><subfield code="a">sn 88083148 </subfield></datafield><datafield ind1=" " ind2=" " tag="040"><subfield code="a">PPM</subfield><subfield code="b">eng</subfield><subfield code="c">PPM</subfield><subfield code="d">OCLCQ</subfield></datafield><datafield ind1=" " ind2=" " tag="042"><subfield code="a">msc</subfield></datafield><datafield ind1="0" ind2="4" tag="245"><subfield code="a">The Hood County informer-news.</subfield></datafield><datafield ind1="1" ind2="3" tag="246"><subfield code="a">Hood County news-tablet</subfield></datafield><datafield ind1=" " ind2=" " tag="260"><subfield code="a">Granbury, Tex. :</subfield><subfield code="b">Lon H. Williams,</subfield><subfield code="c">1970-1970.</subfield></datafield><datafield ind1=" " ind2=" " tag="310"><subfield code="a">Weekly</subfield></datafield><datafield ind1="0" ind2=" " tag="362"><subfield code="a">Vol. 83, no. 42 (July 2, 1970)-v. 84, no. 7 (Oct. 29, 1970).</subfield></datafield><datafield ind1=" " ind2=" " tag="752"><subfield code="a">United States</subfield><subfield code="b">Texas</subfield><subfield code="c">Hood</subfield><subfield code="d">Granbury.</subfield></datafield><datafield ind1="0" ind2="0" tag="780"><subfield code="t">Hood County news-tablet</subfield><subfield code="w">(DLC)sn 87090802</subfield></datafield><datafield ind1="0" ind2="0" tag="785"><subfield code="t">Hood County news</subfield><subfield code="w">(DLC)sn 88083149</subfield></datafield></record>